@incollection{rajamani2011vehicle,
	title={Lateral and longitudinal tire forces},
	author={Rajamani,Rajesh},
	booktitle={Vehicle Dynamics and Control},
	year={2012},
	pages={355-395},
	chapter={13},
	publisher={Springer},
	edition={2},
}

% Kinematic model
@inproceedings{kong2015kinematic,
	title={Kinematic and dynamic vehicle models for autonomous driving control design},
	author={Kong, Jason and Pfeiffer, Mark and Schildbach, Georg and Borrelli, Francesco},
	booktitle={IEEE Intelligent Vehicles Symposium (IV)},
	pages={1094--1099},
	year={2015},
}
	
@inproceedings{batkovic2019real,
title={Real-time constrained trajectory planning and vehicle control for proactive autonomous driving with road users},
author={Batkovic, Ivo and Zanon, Mario and Ali, Mohammad and Falcone, Paolo},
booktitle={Proc. Eur. Control Conf.(ECC)},
year={2019}
}

@BOOK{rawlings2009model,
	title={Model predictive control: Theory and design},
	author={Rawlings, James B and Mayne, David Q},
	year={2009},
	publisher={Nob Hill Pub. Madison, Wisconsin}
}

@Book{Grune2011,
  Title                    = {{N}onlinear {M}odel {P}redictive {C}ontrol},
  Author                   = {L. Gr\"une and J. Pannek},
  Publisher                = {Springer},
  Year                     = {2011},
  Address                  = {London},
  Keywords                 = {OPTEC-library},
  Owner                    = {jferreau},
  Timestamp                = {2011.10.12}
}


@ARTICLE{Gros2017a,
author={S. {Gros} and M. {Zanon}},
journal={IEEE Transactions on Automatic Control},
title={Penalty Functions for Handling Large Deviation of Quadrature States in NMPC},
year={2017},
volume={62},
number={8},
pages={3848-3860},
ISSN={2334-3303},
month={Aug},}

@article{fletcher1981practical,
	title={Practical Methods of Optimization: Vol. 2: Constrained Optimization.},
	author={Fletcher, Roger},
	journal={JOHN WILEY \& SONS, INC., ONE WILEY DR., SOMERSET, N. J. 08873, 1981, 224},
	year={1981}
}

@article{faulwasser2018asymptotic,
	title={Asymptotic Stability of Economic NMPC: The Importance of Adjoints},
	author={Faulwasser, Timm and Zanon, Mario},
	journal={IFAC-PapersOnLine},
	volume={51},
	number={20},
	pages={157--168},
	year={2018},
	publisher={Elsevier}
}

@INPROCEEDINGS{batkovic2018computationally, 
	author={I. Batkovic and M. Zanon and N. Lubbe and P. Falcone}, 
	booktitle={2018 European Control Conference (ECC)}, 
	title={A Computationally Efficient Model for Pedestrian Motion Prediction}, 
	year={2018}, 
	pages={374-379}, 
	doi={10.23919/ECC.2018.8550300}, 
	ISSN={}, 
	month={June},}

% SQP methods
@article{gros2016linear,
title={From linear to nonlinear MPC: bridging the gap via the real-time iteration},
author={Gros, S{\'e}bastien and Zanon, Mario and Quirynen, Rien and Bemporad, Alberto and Diehl, Moritz},
journal={International Journal of Control},
pages={1--19},
year={2016},
publisher={Taylor \& Francis}
}

% RTI
@article{diehl2005real,
title={A real-time iteration scheme for nonlinear optimization in optimal feedback control},
author={Diehl, Moritz and Bock, Hans Georg and Schl{\"o}der, Johannes P},
journal={SIAM Journal on control and optimization},
volume={43},
number={5},
pages={1714--1736},
year={2005},
publisher={SIAM}
}

% Faulwasser path following paper
@inproceedings{Faulwasser2009,
	title={Model predictive path-following for constrained nonlinear systems},
	author={Faulwasser, Timm and Kern, Benjamin and Findeisen, Rolf},
	booktitle={Proceedings of the 48th IEEE Conference on Decision and Control. CDC, 2009.},
	pages={8642--8647},
	year={2009},
	organization={IEEE}
}
@ARTICLE{Faulwasser2016, 
author={T. {Faulwasser} and R. {Findeisen}}, 
journal={IEEE Transactions on Automatic Control}, 
title={Nonlinear Model Predictive Control for Constrained Output Path Following}, 
year={2016}, 
volume={61}, 
number={4}, 
pages={1026-1039},
month={April},}

@inproceedings{verschueren2016time,
	title={Time-optimal race car driving using an online exact hessian based nonlinear MPC algorithm},
	author={Verschueren, Robin and Zanon, Mario and Quirynen, Rien and Diehl, Moritz},
	booktitle={European Control Conference (ECC)},
	pages={141--147},
	year={2016},
	organization={EUCA}
}


@Book{Nocedal2006,
  Title                    = {{N}umerical {O}ptimization},
  Author                   = {J. Nocedal and S.J. Wright},
  Publisher                = {Springer},
  Year                     = {2006},
  Edition                  = {2},
  Series                   = {Springer Series in Operations Research and Financial Engineering},
  Keywords                 = {optimization}
}



@Article{2014,
  Title                    = {Model predictive control: Recent developments and future promise },
  Author                   = {David Q. Mayne},
  Journal                  = {Automatica },
  Year                     = {2014},
  Number                   = {12},
  Pages                    = {2967 - 2986},
  Volume                   = {50},
  ISSN                     = {0005-1098},
  Keywords                 = {Model predictive control }
}
@article{fliess1995flatness,
	title={Flatness and defect of non-linear systems: introductory theory and examples},
	author={Fliess, Michel and L{\'e}vine, Jean and Martin, Philippe and Rouchon, Pierre},
	journal={International journal of control},
	volume={61},
	number={6},
	pages={1327--1361},
	year={1995},
	publisher={Taylor \& Francis}
}



@Article{Zanon2018a,
title = "{E}conomic {MPC} without terminal constraints: {G}radient-correcting end penalties enforce asymptotic stability ",
journal = "Journal of Process Control ",
volume = "63",
number = "",
pages = "1 - 14",
year = "2018",
note = "",
author = "Mario Zanon and Timm Faulwasser",
keywords = "Economic MPC",
keywords = "Strict dissipativity",
keywords = "Cost rotation",
keywords = "Optimal control "
}



@Article{Diehl2011,
  Title                    = {{A} {L}yapunov {F}unction for {E}conomic {O}ptimizing {M}odel {P}redictive {C}ontrol},
  Author                   = {M. Diehl and R. Amrit and J.B. Rawlings},
  Journal                  = {IEEE Trans. of Automatic Control},
  Year                     = {2011},
  Month                    = {March},
  Number                   = {3},
  Pages                    = {703-707},
  Volume                   = {56},
  DOI                      = {10.1109/TAC.2010.2101291},
  File                     = {Diehl2011.pdf:pdf/Diehl2011.pdf:PDF},
  Keywords                 = {optec mpc stability},
  Owner                    = {mdiehl},
  Timestamp                = {2009.11.25},
  URL                      = {http://ieeexplore.ieee.org/xpls/abs\_all.jsp?arnumber=5672577}
}

@Conference{Faulwasser2018,
  Title                    = {{A}symptotic {S}tability of {E}conomic {NMPC}: {T}he {I}mportance of {A}djoints},
  Author                   = {T. Faulwasser and M. Zanon},
  Booktitle                = {Proceedings of the IFAC Nonlinear Model Predictive Control Conference},
  Year                     = {2018},
}

@Article{Amrit2011a,
  Title                    = {{E}conomic optimization using model predictive control with a terminal cost},
  Author                   = {Amrit, R. and Rawlings, J. and Angeli, D.},
  Journal                  = {Annual Reviews in Control},
  Year                     = {2011},
  Pages                    = {178-186},
  Volume                   = {35},
  File                     = {Amrit2011a.pdf:pdf/Amrit2011a.pdf:PDF},
  Owner                    = {mzanon},
  Timestamp                = {2013.02.25}
}

@Book{Fletcher1987,
  Title                    = {{P}ractical {M}ethods of {O}ptimization},
  Author                   = {Fletcher, R.},
  Publisher                = {Wiley},
  Year                     = {1987},
  Address                  = {Chichester},
  Edition                  = {2nd},
  Keywords                 = {optimization},
  Owner                    = {ferreau}
}

@Article{Scokaert1999a,
  Title                    = {{F}easibility {I}ssues in {L}inear {M}odel {P}redictive {C}ontrol},
  Author                   = {P.O.M. Scokaert and J.B. Rawlings},
  Journal                  = {AIChE Journal},
  Year                     = {1999},
  Number                   = {8},
  Pages                    = {1649--1659},
  Volume                   = {45},
  File                     = {Scokaert1999a.pdf:pdf/Scokaert1999a.pdf:PDF},
  Owner                    = {ferreau},
  Timestamp                = {2008.07.30}
}

@Article{Chen1998,
  Title                    = {{A} quasi-infinite horizon nonlinear model predictive control scheme with guaranteed stability},
  Author                   = {H. Chen and F. Allg\"ower},
  Journal                  = {Automatica},
  Year                     = {1998},
  Number                   = {10},
  Pages                    = {1205--1218},
  Volume                   = {34},
  File                     = {Chen1998.pdf:pdf/Chen1998.pdf:PDF},
  Keywords                 = {NMPC robust optimal control}
}

@article{Mayne2000,
	title = "Constrained model predictive control: Stability and optimality",
	journal = "Automatica",
	volume = "36",
	number = "6",
	pages = "789 - 814",
	year = "2000",
	issn = "0005-1098",
	doi = "https://doi.org/10.1016/S0005-1098(99)00214-9",
	author = "D.Q. Mayne and J.B. Rawlings and C.V. Rao and P.O.M. Scokaert",
	keywords = "Model predictive control, Stability, Optimality, Robustness",
}

@book{boyd2004convex,
	title={Convex optimization},
	author={Boyd, Stephen and Vandenberghe, Lieven},
	year={2004},
	publisher={Cambridge university press},
	address={Cambridge, UK},
}


@Article{Rawlings2008a,
  Title                    = {{U}nreachable {S}etpoints in {M}odel {P}redictive {C}ontrol},
  Author                   = {Rawlings, J.B. and Bonne, D. and Jorgensen, J.B. and Venkat, A.N. and Jorgensen, S.B.},
  Journal                  = {IEEE Transactions on Automatic Control},
  Year                     = {2008},
  Pages                    = {2209-2215},
  Volume                   = {53},
  File                     = {Rawlings2008a.pdf:pdf/Rawlings2008a.pdf:PDF},
  Owner                    = {mzanon},
  Timestamp                = {2014.04.24}
}

@article{aguiar2005path,
	title={Path-following for nonminimum phase systems removes performance limitations},
	author={Aguiar, A Pedro and Hespanha, Joao P and Kokotovic, Petar V},
	journal={IEEE Transactions on Automatic Control},
	volume={50},
	number={2},
	pages={234--239},
	year={2005},
	publisher={IEEE}
}

@inproceedings{kanjanawanishkul2009path,
	title={Path following for an omnidirectional mobile robot based on model predictive control},
	author={Kanjanawanishkul, Kiattisin and Zell, Andreas},
	booktitle={2009 IEEE International Conference on Robotics and Automation},
	pages={3341--3346},
	year={2009},
	organization={IEEE}
}
@inproceedings{alessandretti2013trajectory,
	title={Trajectory-tracking and path-following controllers for constrained underactuated vehicles using model predictive control},
	author={Alessandretti, Andrea and Aguiar, A Pedro and Jones, Colin N},
	booktitle={2013 european control conference (ecc)},
	pages={1371--1376},
	year={2013},
	organization={IEEE}
}

@ARTICLE{faulwasser_implementation, 
	author={T. {Faulwasser} and T. {Weber} and P. {Zometa} and R. {Findeisen}}, 
	journal={IEEE Transactions on Control Systems Technology}, 
	title={Implementation of Nonlinear Model Predictive Path-Following Control for an Industrial Robot}, 
	year={2017}, 
	volume={25}, 
	number={4}, 
	pages={1505-1511}, 
	keywords={geometry;industrial robots;nonlinear control systems;path planning;predictive control;velocity control;nonlinear model predictive path-following control;industrial robot;robotic applications;precise following;predefined geometric path;real-time feasible implementation;reference speed assignment;KUKA LWR IV robot;Timing;Trajectory;Predictive models;Service robots;Predictive control;Tracking;Constraints;KUKA LWR IV;nonlinear model predictive control (NMPC);optimal control;path following}, 
	doi={10.1109/TCST.2016.2601624}, 
	ISSN={1063-6536}, 
	month={July},}


@book{borrelli2017predictive,
	title={Predictive control for linear and hybrid systems},
	author={Borrelli, Francesco and Bemporad, Alberto and Morari, Manfred},
	year={2017},
	publisher={Cambridge University Press}
}

@inproceedings{liu2017provably,
	title={Provably safe motion of mobile robots in human environments},
	author={Liu, Stefan B and Roehm, Hendrik and Heinzemann, Christian and L{\"u}tkebohle, Ingo and Oehlerking, Jens and Althoff, Matthias},
	booktitle={2017 IEEE/RSJ International Conference on Intelligent Robots and Systems (IROS)},
	pages={1351--1357},
	year={2017},
	organization={IEEE}
}

@inproceedings{beckert2017online,
	title={Online verification of multiple safety criteria for a robot trajectory},
	author={Beckert, Dario and Pereira, Aaron and Althoff, Matthias},
	booktitle={2017 IEEE 56th Annual Conference on Decision and Control (CDC)},
	pages={6454--6461},
	year={2017},
	organization={IEEE}
}

@Article{Mayne2014,
	Title                    = {Model predictive control: Recent developments and future promise },
	Author                   = {David Q. Mayne},
	Journal                  = {Automatica },
	Year                     = {2014},
	Number                   = {12},
	Pages                    = {2967 - 2986},
	Volume                   = {50},
	ISSN                     = {0005-1098},
	Keywords                 = {Model predictive control }
}

@article{jiang2001input,
	title={Input-to-state stability for discrete-time nonlinear systems},
	author={Jiang, Zhong-Ping and Wang, Yuan},
	journal={Automatica},
	volume={37},
	number={6},
	pages={857--869},
	year={2001},
	publisher={Elsevier}
}

@inproceedings{ljungqvist2016path,
	title={Path following control for a reversing general 2-trailer system},
	author={Ljungqvist, Oskar and Axehill, Daniel and Helmersson, Anders},
	booktitle={2016 IEEE 55th Conference on Decision and Control (CDC)},
	pages={2455--2461},
	year={2016},
	organization={IEEE}
}

@inproceedings{ljungqvist2018stability,
	title={On stability for state-lattice trajectory tracking control},
	author={Ljungqvist, Oskar and Axehill, Daniel and L{\"o}fberg, Johan},
	booktitle={2018 Annual American Control Conference (ACC)},
	pages={5868--5875},
	year={2018},
	organization={IEEE}
}
@inproceedings{andersson2018receding,
	title={Receding-horizon lattice-based motion planning with dynamic obstacle avoidance},
	author={Andersson, Olov and Ljungqvist, Oskar and Tiger, Mattias and Axehill, Daniel and Heintz, Fredrik},
	booktitle={2018 IEEE Conference on Decision and Control (CDC)},
	pages={4467--4474},
	year={2018},
	organization={IEEE}
}
@article{ljungqvist2019path,
	title={A path planning and path-following control framework for a general 2-trailer with a car-like tractor},
	author={Ljungqvist, Oskar and Evestedt, Niclas and Axehill, Daniel and Cirillo, Marcello and Pettersson, Henrik},
	journal={Journal of Field Robotics},
	volume={36},
	number={8},
	pages={1345--1377},
	year={2019},
	publisher={Wiley Online Library}
}
@phdthesis{kerrigan2001robust,
	title={Robust constraint satisfaction: Invariant sets and predictive control},
	author={Kerrigan, Eric Colin},
	year={2001},
	school={University of Cambridge}
}

@article{yu2013tube,
	title={Tube MPC scheme based on robust control invariant set with application to Lipschitz nonlinear systems},
	author={Yu, Shuyou and Maier, Christoph and Chen, Hong and Allg{\"o}wer, Frank},
	journal={Systems \& Control Letters},
	volume={62},
	number={2},
	pages={194--200},
	year={2013},
	publisher={Elsevier}
}


% Motion planning
@article{mohanan2018survey,
	title={A survey of robotic motion planning in dynamic environments},
	author={Mohanan, MG and Salgoankar, Ambuja},
	journal={Robotics and Autonomous Systems},
	volume={100},
	pages={171--185},
	year={2018},
	publisher={Elsevier}
}

@article{paden2016survey,
	title={A survey of motion planning and control techniques for self-driving urban vehicles},
	author={Paden, Brian and {\v{C}}{\'a}p, Michal and Yong, Sze Zheng and Yershov, Dmitry and Frazzoli, Emilio},
	journal={IEEE Transactions on intelligent vehicles},
	volume={1},
	number={1},
	pages={33--55},
	year={2016},
	publisher={IEEE}
}
@inproceedings{phillips2011sipp,
	title={Sipp: Safe interval path planning for dynamic environments},
	author={Phillips, Mike and Likhachev, Maxim},
	booktitle={2011 IEEE International Conference on Robotics and Automation},
	pages={5628--5635},
	year={2011},
	organization={IEEE}
}

@inproceedings{fulgenzi2008probabilistic,
	title={Probabilistic navigation in dynamic environment using rapidly-exploring random trees and gaussian processes},
	author={Fulgenzi, Chiara and Tay, Christopher and Spalanzani, Anne and Laugier, Christian},
	booktitle={2008 IEEE/RSJ International Conference on Intelligent Robots and Systems},
	pages={1056--1062},
	year={2008},
	organization={IEEE}
}


@article{van2005roadmap,
	title={Roadmap-based motion planning in dynamic environments},
	author={Van Den Berg, Jur P and Overmars, Mark H},
	journal={IEEE Transactions on Robotics},
	volume={21},
	number={5},
	pages={885--897},
	year={2005},
	publisher={IEEE}
}

@article{fiorini1998motion,
	title={Motion planning in dynamic environments using velocity obstacles},
	author={Fiorini, Paolo and Shiller, Zvi},
	journal={The International Journal of Robotics Research},
	volume={17},
	number={7},
	pages={760--772},
	year={1998},
	publisher={Sage Publications Sage CA: Thousand Oaks, CA}
}

@inproceedings{petti2005safe,
	title={Safe motion planning in dynamic environments},
	author={Petti, St{\'e}phane and Fraichard, Thierry},
	booktitle={2005 IEEE/RSJ International Conference on Intelligent Robots and Systems},
	pages={2210--2215},
	year={2005},
	organization={IEEE}
}

@article{wachter2006implementation,
	title={On the implementation of an interior-point filter line-search algorithm for large-scale nonlinear programming},
	author={W{\"a}chter, Andreas and Biegler, Lorenz T},
	journal={Mathematical programming},
	volume={106},
	number={1},
	pages={25--57},
	year={2006},
	publisher={Springer}
}

@article{andersson2019casadi,
	title={CasADi: a software framework for nonlinear optimization and optimal control},
	author={Andersson, Joel AE and Gillis, Joris and Horn, Greg and Rawlings, James B and Diehl, Moritz},
	journal={Mathematical Programming Computation},
	volume={11},
	number={1},
	pages={1--36},
	year={2019},
	publisher={Springer}
}

@InProceedings {MPT3,
	author={M. Herceg and M. Kvasnica and C.N. Jones and M. Morari},
	title={{Multi-Parametric Toolbox 3.0}},
	booktitle={Proc.~of the European Control Conference},
	year={2013},
	address={Z\"urich, Switzerland},
	month={July 17--19},
	pages = {502--510},
	note = {\url{http://control.ee.ethz.ch/~mpt}}
}

@inproceedings{lofberg2004yalmip,
	title={YALMIP: A toolbox for modeling and optimization in MATLAB},
	author={Lofberg, Johan},
	booktitle={2004 IEEE international conference on robotics and automation (IEEE Cat. No. 04CH37508)},
	pages={284--289},
	year={2004},
	organization={IEEE}
}
